% ==== conference papers 

@inproceedings{CMP_DAC2015_Lin,
  title={High performance dummy fill insertion with coupling and uniformity constraints},
  author={Lin, Yibo and Yu, Bei and Pan, David Z.},
  booktitle=dac,
  pages={71},
  year={2015},
  organization={ACM},
  month={June},
  day={7--11}, 
  address={San Francisco, CA},
  publishlink={http://dl.acm.org/citation.cfm?id=2744769.2744850},
  annotateweb={([limbo018.github.io/papers/CMP_DAC2015_Lin.pdf preprint])([limbo018.github.io/papers/CMP_DAC2015_Lin.slides.pdf slides])([http://www.cerc.utexas.edu/utda/download/DFI/index.html release])},
  annotatecv={},
}
@inproceedings{MPL_DAC2015_Pan,
  title={Pushing multiple patterning in sub-10nm: are we ready?},
  author={Pan, David Z. and Liebmann, Lars and Yu, Bei and Xu, Xiaoqing and Lin, Yibo},
  booktitle=dac,
  pages={197},
  year={2015},
  organization={ACM},
  month={June},
  day={7--11}, 
  address={San Francisco, CA},
  publishlink={http://dl.acm.org/citation.cfm?id=2744769.2747940},
  annotateweb={([limbo018.github.io/papers/MPL_DAC2015_Pan.pdf preprint])(*Invited Paper*)},
  annotatecv={(\textbf{Invited Paper})},
}
@inproceedings{DFMP_ICCAD2015_Lin,
  title={Triple patterning aware detailed placement toward zero cross-row middle-of-line conflict},
  author={Lin, Yibo and Yu, Bei and Xu, Biying and Pan, David Z.},
  booktitle=iccad,
  pages={396--403},
  year={2015},
  organization={IEEE Press},
  month={November},
  day={2--6}, 
  address={Austin, TX},
  publishlink={http://dl.acm.org/citation.cfm?id=2840875},
  annotateweb={([limbo018.github.io/papers/DFMP_ICCAD2015_Lin.pdf preprint])([limbo018.github.io/papers/DFMP_ICCAD2015_Lin.slides.pdf slides])([http://www.cerc.utexas.edu/utda/download/TPLPlace/index.html release])},
  annotatecv={},
}
@inproceedings{DFMP_ASPDAC2016_Lin,
  title={Stitch aware detailed placement for multiple e-beam lithography},
  author={Lin, Yibo and Yu, Bei and Zou, Yi and Li, Zhuo and Alpert, Charles J and Pan, David Z.},
  booktitle=aspdac,
  pages={186--191},
  year={2016},
  organization={IEEE},
  month={January},
  day={25--28}, 
  address={Macau, China},
  publishlink={http://ieeexplore.ieee.org/xpl/articleDetails.jsp?arnumber=7428009},
  annotateweb={([limbo018.github.io/papers/DFMP_ASPDAC2016_Lin.pdf preprint])([limbo018.github.io/papers/DFMP_ASPDAC2016_Lin.slides.pdf slides])},
  annotatecv={},
}
@inproceedings{MPL_SPIE2016_Lin,
  title={Triple/quadruple patterning layout decomposition via novel linear programming and iterative rounding},
  author={Lin, Yibo and Xu, Xiaoqing and Yu, Bei and Baldick, Ross and Pan, David Z.},
  booktitle=spie,
  pages={97810M--97810M},
  year={2016},
  organization={International Society for Optics and Photonics},
  month={February},
  day={21--25}, 
  address={San Jose, CA},
  publishlink={http://dx.doi.org/10.1117/12.2218628},
  annotateweb={([limbo018.github.io/papers/MPL_SPIE2016_Lin.pdf preprint])([limbo018.github.io/papers/MPL_SPIE2016_Lin.slides.pdf slides])([http://www.cerc.utexas.edu/utda/download/MPLD/index.html release])(**Best Student Paper Award**)},
  annotatecv={(\textbf{Best Student Paper Award})},
}
@inproceedings{DFMP_ICSICT2016_Lin,
  title     = {Detailed placement in advanced technology nodes: a survey},
  author    = {Lin, Yibo and Yu, Bei and Pan, David Z.},
  booktitle = icsict,
  pages     = {25--28},
  year      = {2016},
  month={October},
  day={25--28}, 
  address={Hangzhou, China},
  publishlink={https://doi.org/10.1109/ICSICT.2016.7999056}, 
  annotateweb={([limbo018.github.io/papers/DFMP_ICSICT2016_Lin.pdf preprint])(*Invited Paper*)},
  annotatecv={(\textbf{Invited paper})},
}
@inproceedings{PLACE_ICCAD2016_Lin,
  title={MrDP: Multiple-row detailed placement of heterogeneous-sized cells for advanced nodes},
  author={Lin, Yibo and Yu, Bei and Xu, Xiaoqing and Gao, Jhih-Rong and Viswanathan, Natarajan and Liu, Wen-Hao and Li, Zhuo and Alpert, Charles J and Pan, David Z.},
  booktitle=iccad,
  year={2016}, 
  organization={ACM},
  month={November},
  day={7--10}, 
  address={Austin, TX},
  publishlink={http://dx.doi.org/10.1145/2966986.2967055},
  annotateweb={([limbo018.github.io/papers/PLACE_ICCAD2016_Lin.pdf preprint])([limbo018.github.io/papers/PLACE_ICCAD2016_Lin.slides.pdf slides])([http://www.cerc.utexas.edu/utda/download/MrDP/index.html release])},
  annotatecv={},
}
@inproceedings{CMP_ICCAD2016_Tao,
  title={A novel unified dummy fill insertion framework with SQP-based optimization method},
  author={Tao, Yudong and Yan, Changhao and Lin, Yibo and Wang, Sheng-Guo and Pan, David Z. and Zeng, Xuan},
  booktitle=iccad,
  pages={88},
  year={2016},
  organization={ACM},
  month={November},
  day={7--10}, 
  address={Austin, TX},
  publishlink={http://dx.doi.org/10.1145/2966986.2966994},
  annotateweb={([limbo018.github.io/papers/CMP_ICCAD2016_Tao.pdf preprint])},
  annotatecv={},
}
@inproceedings{DFMR_ISPD2017_Ou,
  title     = {DSAR: DSA aware routing with simultaneous DSA guiding pattern and double patterning assignment},
  author    = {Ou, Jiaojiao and Yu, Bei and Xu, Xiaoqing and Mitra, Joydeep and Lin, Yibo and Pan, David Z.},
  booktitle = ispd,
  year      = {2017},
  month={March},
  day={19--22}, 
  address={Portland, OR},
  publishlink={https://doi.org/10.1145/3036669.3036677}, 
  annotateweb={([limbo018.github.io/papers/DFMR_ISPD2017_Ou.pdf preprint])},
  annotatecv={},
}
@inproceedings{DFMR_DAC2017_Xu,
  title={Concurrent Pin Access Optimization for Unidirectional Routing},
  author={Xu, Xiaoqing and Lin, Yibo and Livramento, Vinicius and Pan, David Z.},
  booktitle=dac,
  pages={20},
  year={2017},
  organization={ACM},
  month={June},
  day={18--22}, 
  address={Austin, TX},
  publishlink={https://doi.org/10.1145/3061639.3062214},
  annotateweb={([limbo018.github.io/papers/DFMR_DAC2017_Xu.pdf preprint])},
  annotatecv={},
}
@inproceedings{DFMP_ISLPED2017_Ye,
  title={Placement Mitigation Techniques for Power Grid Electromigration},
  author={Ye, Wei and Lin, Yibo and Xu, Xiaoqing and Li, Wuxi and Fu, Yiwei and Sun, Yongsheng and Zhan, Canhui and Pan, David Z.},
  booktitle=islped,
  month={July},
  day={24--26}, 
  year={2017},
  address={Taipei},
  publishlink={https://doi.org/10.1109/ISLPED.2017.8009178},
  annotateweb={([limbo018.github.io/papers/DFMP_ISLPED2017_Ye.pdf preprint])},
  annotatecv={},
}
@inproceedings{DFM_ICCD2017_Lin,
  title={Patterning Aware Design Optimization of Selective Etching in N5 and Beyond},
  author={Lin, Yibo and Debacker, Peter and Trivkovic, Darko and Kim, Ryoung-han and Raghavan, Praveen and Pan, David Z.},
  booktitle=iccd,
  month={November},
  day={5--8}, 
  year={2017},
  address={Boston, MA},
  publishlink={https://doi.org/10.1109/ICCD.2017.72},
  annotateweb={([limbo018.github.io/papers/DFM_ICCD2017_Lin.pdf preprint])([limbo018.github.io/papers/DFM_ICCD2017_Lin.slides.pdf slides])},
  annotatecv={},
}
@inproceedings{SPM_ASPDAC2018_Li,
  title={A Practical Split Manufacturing Framework for Trojan Prevention via Simultaneous Wire Lifting and Cell Insertion},
  author={Li, Meng and Yu, Bei and Lin, Yibo and Xu, Xiaoqing and Li, Wuxi and Pan, David Z.},
  booktitle=aspdac,
  pages={},
  year={2018},
  organization={IEEE},
  month={January},
  day={22--25}, 
  address={Jeju, Korea},
  publishlink={https://doi.org/10.1109/ASPDAC.2018.8297316},
  annotateweb={([limbo018.github.io/papers/SPM_ASPDAC2018_Li.pdf preprint])},
  annotatecv={},
}
@inproceedings{MASK_PT2017_Lin,
  title={Machine learning for mask/wafer hotspot detection and mask synthesis},
  author={Lin, Yibo and Xu, Xiaoqing and Ou, Jiaojiao and Pan, David Z},
  booktitle={Photomask Technology},
  volume={10451},
  pages={104510A},
  year={2017},
  month={October},
  day={16}, 
  organization={International Society for Optics and Photonics},
  publishlink={http://dx.doi.org/10.1117/12.2282943},
  annotateweb={([limbo018.github.io/papers/MASK_PT2017_Lin.pdf preprint])(*Invited paper*)},
  annotatecv={(\textbf{Invited paper})},
}
@inproceedings{DFR_ASPDAC2018_Hsu,
  title={Layout-dependent aging mitigation for critical path timing},
  author={Hsu, Che-Lun and Guo, Shaofeng and Lin, Yibo and Xu, Xiaoqing and Li, Meng and Wang, Runsheng and Huang, Ru and Pan, David Z},
  booktitle=aspdac,
  pages={153--158},
  year={2018},
  organization={IEEE},
  month={January},
  day={22--25}, 
  address={Jeju, Korea},
  publishlink={https://doi.org/10.1109/ASPDAC.2018.8297298}, 
  annotateweb={([limbo018.github.io/papers/DFR_ASPDAC2018_Hsu.pdf preprint])},
  annotatecv={},
}
@inproceedings{DFM_ISPD2018_Lin,
  title     = {Data Efficient Lithography Modeling with Residual Neural Networks and Transfer Learning},
  author    = {Lin, Yibo and Watanabe, Yuki and Kimura, Taiki and Matsunawa, Tetsuaki and Nojima, Shigeki and Li, Meng and Pan, David Z.},
  booktitle = ispd,
  year      = {2018},
  month={March},
  day={25--28}, 
  address={Monterey, CA},
  publishlink={https://doi.org/10.1145/3177540.3178242}, 
  annotateweb={([limbo018.github.io/papers/DFM_ISPD2018_Lin.pdf preprint])([limbo018.github.io/papers/DFM_ISPD2018_Lin.slides.pptx slides])},
  annotatecv={},
}
@inproceedings{ML_ICML2018_Zhang,
  title={Learning Long Term Dependencies via Fourier Recurrent Units},
  author={Zhang, Jiong and Lin, Yibo and Song, Zhao and Dhillon, Inderjit S},
  booktitle=icml,
  year={2018},
  day={10--15}, 
  month={June},
  address={Stockholm, Sweden},
  publishlink={https://arxiv.org/pdf/1803.06585.pdf}, 
  annotateweb={([https://arxiv.org/pdf/1803.06585.pdf preprint])([https://github.com/limbo018/FRU release])},
  annotatecv={},
}
@inproceedings{DFM_ITC2018_Lin,
  title     = {Machine Learning for Yield Learning and Optimization},
  author    = {Lin, Yibo and Alawieh, Mohamed Baker and Ye, Wei and Pan, David Z.},
  booktitle = itc,
  year      = {2018},
  month={October},
  address={Phoenix, Arizona},
  publishlink={https://doi.org/10.1109/TEST.2018.8624733}, 
  annotateweb={([limbo018.github.io/papers/DFM_ITC2018_Lin.pdf preprint])(*Invited Paper*)},
  annotatecv={(\textbf{Invited paper})},
}
@inproceedings{HSD_ASPDAC2019_Chen,
  title     = {Semi-Supervised Hotspot Detection with Self-Paced Multi-Task Learning},
  author    = {Chen, Ying and Lin, Yibo and Gai, Tianyang and Su, Yajuan and Wei, Yayi and Pan, David Z.},
  booktitle = aspdac,
  year      = {2019},
  month={January},
  day={21--24}, 
  address={Tokyo, Japan},
  publishlink={https://doi.org/10.1145/3287624.3287685}, 
  annotateweb={([limbo018.github.io/papers/HSD_ASPDAC2019_Chen.pdf preprint])([https://github.com/qwepi/SSL release])},
  annotatecv={},
}
@inproceedings{DFM_ASPDAC2019_Ye,
  title     = {Tackling Signal Electromigration with Learning-Based Detection and Multistage Mitigation},
  author    = {Ye, Wei and Alawieh, Mohamed Baker and Lin, Yibo and Pan, David Z.},
  booktitle = aspdac,
  year      = {2019},
  month={January},
  day={21--24}, 
  address={Tokyo, Japan},
  publishlink={https://doi.org/10.1145/3287624.3287688}, 
  annotateweb={([limbo018.github.io/papers/DFM_ASPDAC2019_Ye.pdf preprint])},
  annotatecv={},
}
@inproceedings{HSD_ASPDAC2019_Ye,
  title     = {LithoROC: Lithography Hotspot Detection with Explicit ROC Optimization},
  author    = {Ye, Wei and Lin, Yibo and Li, Meng and Liu, Qiang and Pan, David Z.},
  booktitle = aspdac,
  year      = {2019},
  month={January},
  day={21--24}, 
  address={Tokyo, Japan},
  publishlink={https://doi.org/10.1145/3287624.3288746}, 
  annotateweb={([limbo018.github.io/papers/HSD_ASPDAC2019_Ye.pdf preprint])(*Invited Paper*)},
  annotatecv={(\textbf{Invited paper})},
}
@inproceedings{HSD_DATE2019_Ye,
  title     = {Litho-GPA: Gaussian Process Assurance for Lithography Hotspot Detection},
  author    = {Ye, Wei and Alawieh, Mohamed Baker and Li, Meng and Lin, Yibo and Pan, David Z.},
  booktitle = date,
  year      = {2019},
  month={March},
  day={25--29}, 
  address={Florence, Italy},
  publishlink={https://doi.org/10.23919/DATE.2019.8714960}, 
  annotateweb={([limbo018.github.io/papers/HSD_DATE2019_Ye.pdf preprint])},
  annotatecv={},
}
@inproceedings{ANALOG_ISPD2019_Xu,
  title     = {Device Layer-Aware Analytical Placement for Analog Circuits},
  author    = {Xu, Biying and Li, Shaolan and Pui, Chak-Wa and Liu, Derong and Shen, Linxiao and Lin, Yibo and Sun, Nan and Pan, David Z.},
  booktitle = ispd,
  year      = {2019},
  month={April},
  day={14--17}, 
  address={San Francisco, CA},
  publishlink={https://doi.org/10.1145/3299902.3309751}, 
  annotateweb={([limbo018.github.io/papers/ANALOG_ISPD2019_Xu.pdf preprint])(*Best Paper Nomination*)},
  annotatecv={(\textbf{Best Paper Nomination})},
}
@proceedings{ML_AISTATS2019_Lin,
  title     = {Towards a Theoretical Understanding of Hashing-Based Neural Nets},
  author    = {Lin, Yibo and Song, Zhao and Yang, Lin F.},
  booktitle = aistats,
  series    = {Proceedings of Machine Learning Research},
  volume    = {89},
  publisher = {{PMLR}},
  year      = {2019},
  month={April},
  day={16--18}, 
  address={Okinawa, Japan},
  publishlink={https://arxiv.org/abs/1812.10244}, 
  annotateweb={([https://arxiv.org/pdf/1812.10244.pdf preprint])},
  annotatecv={},
}
@inproceedings{PLACE_DAC2019_Lin,
  title={DREAMPlace: Deep Learning Toolkit-Enabled GPU Acceleration for Modern VLSI Placement},
  author={Lin, Yibo and Dhar, Shounak and Li, Wuxi and Ren, Haoxing and Khailany, Brucek and Pan, David Z.},
  booktitle=dac,
  year={2019},
  organization={ACM},
  month={June},
  day={2--6}, 
  address={Las Vegas, NV},
  publishlink={https://doi.org/10.1145/3316781.3317803},
  annotateweb={([limbo018.github.io/papers/PLACE_DAC2019_Lin.pdf preprint])([limbo018.github.io/papers/PLACE_DAC2019_Lin.slides.pptx slides])([https://github.com/limbo018/DREAMPlace release])(**Best Paper Award**)},
  annotatecv={(\textbf{Best Paper Award})},
}
@inproceedings{DFM_DAC2019_Ye,
  title={LithoGAN: End-to-End Lithography Modeling with Generative Adversarial Networks},
  author={Ye, Wei and Alawieh, Mohamed Baker and Lin, Yibo and Pan, David Z.},
  booktitle=dac,
  year={2019},
  organization={ACM},
  month={June},
  day={2--6}, 
  address={Las Vegas, NV},
  publishlink={https://doi.org/10.1145/3316781.3317852},
  annotateweb={([limbo018.github.io/papers/DFM_DAC2019_Ye.pdf preprint])([limbo018.github.io/papers/DFM_DAC2019_Ye.slides.pptx slides])(*Best Paper Nomination*)},
  annotatecv={(\textbf{Best Paper Nomination})},
}

@inproceedings{ANALOG_DAC2019_Xu,
  title={WellGAN: Generative-Adversarial-Network-Guided Well Generation for Analog/Mixed-Signal Circuit Layout},
  author={Xu, Biying and Lin, Yibo and Tang, Xiyuan and Li, Shaolan and Shen, Linxiao and Sun, Nan and Pan, David Z.},
  booktitle=dac,
  year={2019},
  organization={ACM},
  month={June},
  day={2--6}, 
  address={Las Vegas, NV},
  publishlink={https://doi.org/10.1145/3316781.3317930},
  annotateweb={([limbo018.github.io/papers/ANALOG_DAC2019_Xu.pdf preprint])},
  annotatecv={},
}

@inproceedings{DFM_DAC2019_Alawieh,
  title={GAN-SRAF: Sub-Resolution Assist Feature Generation Using Conditional Generative Adversarial Networks},
  author={Alawieh, Mohamed Baker and Lin, Yibo and Zhang, Zaiwei and Li, Meng and Huang, Qixing and Pan, David Z.},
  booktitle=dac,
  year={2019},
  organization={ACM},
  month={June},
  day={2--6}, 
  address={Las Vegas, NV},
  publishlink={https://doi.org/10.1145/3316781.3317832},
  annotateweb={([limbo018.github.io/papers/DFM_DAC2019_Alawieh.pdf preprint])([limbo018.github.io/papers/DFM_DAC2019_Alawieh.slides.pdf slides])},
  annotatecv={},
}

@inproceedings{DFM_ASICON2019_Li,
    title={OpenMPL: An Open Source Layout Decomposer},
    author={Li, Wei and Ma, Yuzhe and Sun, Qi and Lin, Yibo and Jiang, Iris Hui-Ru and Yu, Bei and Pan, David Z},
    booktitle=asicon,
    year={2019},
    organization={IEEE},
    month={October},
    address={Chongqing, China},
    publishlink={https://arxiv.org/abs/1809.07554},
    annotateweb={([https://arxiv.org/abs/1809.07554 preprint])([limbo018.github.io/papers/DFM_ASICON2019_Li.slides.pdf slides])([https://github.com/limbo018/OpenMPL release])(*Invited Paper*)},
    annotatecv={(\textbf{Invited paper})},
}

@inproceedings{PLACE_ICCAD2019_Li,
  title={elfPlace: Electrostatics-based Placement for Large-Scale Heterogeneous FPGAs},
  author={Li, Wuxi and Lin, Yibo and Pan, David Z.},
  booktitle=iccad,
  pages={},
  year={2019},
  organization={IEEE Press},
  month={November},
  day={4--7}, 
  address={Westminster, CO},
  publishlink={https://doi.org/10.1109/ICCAD45719.2019.8942075},
  annotateweb={([limbo018.github.io/papers/PLACE_ICCAD2019_Li.pdf preprint])([http://wuxili.net/pdf/ICCAD19_elfPlace_Li_slides.pdf slides])},
  annotatecv={},
}

@inproceedings{ANALOG_ICCAD2019_Zhu,
  title={GeniusRoute: A New Analog Routing Paradigm Using Generative Neural Network Guidance},
  author={Zhu, Keren and Liu, Mingjie and Lin, Yibo and Xu, Biying and Li, Shaolan and Tang, Xiyuan and Sun, Nan and Pan, David Z.},
  booktitle=iccad,
  pages={},
  year={2019},
  organization={IEEE Press},
  month={November},
  day={4--7}, 
  address={Westminster, CO},
  publishlink={https://doi.org/10.1109/ICCAD45719.2019.8942164},
  annotateweb={([limbo018.github.io/papers/ANALOG_ICCAD2019_Zhu.pdf preprint])([limbo018.github.io/papers/ANALOG_ICCAD2019_Zhu.slides.pdf slides])},
  annotatecv={},
}

@inproceedings{NAS_ICCAD2019_Gong,
  title={Mixed Precision Neural Architecture Search for Energy Efficient Deep Learning},
  author={Gong, Chengyue and Jiang, Zixuan and Wang, Dilin and Lin, Yibo and Liu, Qiang and Pan, David Z.},
  booktitle=iccad,
  pages={},
  year={2019},
  organization={IEEE Press},
  month={November},
  day={4--7}, 
  address={Westminster, CO},
  publishlink={https://doi.org/10.1109/ICCAD45719.2019.8942147},
  annotateweb={([limbo018.github.io/papers/NAS_ICCAD2019_Gong.pdf preprint])([limbo018.github.io/papers/NAS_ICCAD2019_Gong.slides.pdf slides])},
  annotatecv={},
}

@inproceedings{ANALOG_ICCAD2019_Xu,
  title={MAGICAL: Toward Fully Automated Analog IC Layout Leveraging Human and Machine Intelligence},
  author={Xu, Biying and Zhu, Keren and Liu, Mingjie and Lin, Yibo and Li, Shaolan and Tang, Xiyuan and Sun, Nan and Pan, David Z.},
  booktitle=iccad,
  pages={},
  year={2019},
  organization={IEEE Press},
  month={November},
  day={4--7}, 
  address={Westminster, CO},
  publishlink={https://doi.org/10.1109/ICCAD45719.2019.8942060},
  annotateweb={([limbo018.github.io/papers/ANALOG_ICCAD2019_Xu.pdf preprint])(*Invited Paper*)},
  annotatecv={(\textbf{Invited paper})},
}

@inproceedings{ANALOG_ASPDAC2020_Liu,
  title={S3DET: Detecting System Symmetry Constraints for Analog Circuits with Graph Similarity},
  author={Liu, Mingjie and Li, Wuxi and Zhu, Keren and Xu, Biying and Lin, Yibo and Shen, Linxiao and Tang, Xiyuan and Sun, Nan and Pan, David Z.},
  booktitle=aspdac,
  pages={},
  year={2020},
  organization={IEEE/ACM},
  month={January},
  day={13--16}, 
  address={},
  publishlink={},
  annotateweb={([limbo018.github.io/papers/ANALOG_ASPDAC2020_Liu.pdf preprint])([limbo018.github.io/papers/ANALOG_ASPDAC2020_Liu.slides.pdf slides])(*Best Paper Nomination*)},
  annotatecv={(\textbf{Best Paper Nomination})},
}

@inproceedings{FPGA_ASPDAC2020_Alawieh,
  title={High-Definition Routing Congestion Prediction for Large-Scale FPGAs},
  author={Alawieh, Mohamed Baker and Li, Wuxi and Lin, Yibo and Singhal, Love and Iyer, Mahesh and Pan, David Z.},
  booktitle=aspdac,
  pages={},
  year={2020},
  organization={IEEE/ACM},
  month={January},
  day={13--16}, 
  address={},
  publishlink={},
  annotateweb={([limbo018.github.io/papers/FPGA_ASPDAC2020_Alawieh.pdf preprint])([limbo018.github.io/papers/FPGA_ASPDAC2020_Alawieh.slides.pdf slides])},
  annotatecv={},
}

@inproceedings{DFM_ISPD2020_Ye,
  title     = {TEMPO: Fast Mask Topography Effect Modeling with Deep Learning},
  author    = {Ye, Wei and Alawieh, Mohamed Baker and Watanabe, Yuki and Nojima, Shigeki and Lin, Yibo and Pan, David Z.},
  booktitle = ispd,
  year      = {2020},
  month={September},
  day={20--23}, 
  address={Taipei, Taiwan},
  publishlink={https://doi.org/10.1145/3372780.3375565}, 
  annotateweb={([limbo018.github.io/papers/DFM_ISPD2020_Ye.pdf preprint])(**Best Paper Award**)},
  annotatecv={(\textbf{Best Paper Award})},
}

@inproceedings{SECURITY_HOST2020_Rajarathnam,
  title={ReGDS: A Reverse Engineering Framework from GDSII to Gate-level Netlist},
  author={Rajarathnam, Rachel Selina and Lin, Yibo and Jin, Yier and Pan, David Z.},
  booktitle=host,
  year={2020},
  month={May},
  day={4}, 
  address={San Jose, CA},
  publishlink={}, 
  annotateweb={([limbo018.github.io/papers/SECURITY_HOST2020_Rajarathnam.pdf preprint])(accepted)},
  annotatecv={(accepted)},
}

% ==== journal papers 

@article{DFMP_TCAD2015_Yu,
  title   = {Methodology for standard cell compliance and detailed placement for triple patterning lithography}, 
  author  = {Yu, Bei and Xu, Xiaoqing and Gao, Jhih-Rong and Lin, Yibo and Li, Zhuo and Alpert, Charles and Pan, David Z.}, 
  journal = tcad,
  volume  = {34}, 
  issue   = {5}, 
  pages   = {726--739}, 
  year    = {2015}, 
  month   = {May}, 
  publishlink = {https://doi.org/10.1109/TCAD.2015.2401571}, 
  annotateweb={([limbo018.github.io/papers/DFMP_TCAD2015_Yu.pdf preprint])},
  annotatecv={},
}
@article{DFM_SCIS2016_Yu,
  title     = {Design for manufacturability and reliability in extreme-scaling {VLSI}},
  author    = {Yu, Bei and Xu, Xiaoqing and Roy, Subhendu and Lin, Yibo and Ou, Jiaojiao and Pan, David Z.},
  journal   = scis,
  pages     = {1--23},
  year      = {2016},
  publisher = {Springer},
  publishlink = {http://link.springer.com/article/10.1007%2Fs11432-016-5560-6},
  annotateweb={([limbo018.github.io/papers/DFM_SCIS2016_Yu.pdf preprint])(*Invited Paper*)},
  annotatecv={(\textbf{Invited paper})},
}
@article{CMP_TCAD2016_Lin,
  title   = {High performance dummy fill insertion with coupling and uniformity constraints}, 
  author  = {Lin, Yibo and Yu, Bei and Pan, David Z.}, 
  journal = tcad,
  volume  = {36},
  issue   = {9}, 
  pages   = {1532--1544},
  year    = {2017}, 
  month   = {September},
  publishlink = {http://dx.doi.org/10.1109/TCAD.2016.2638452}, 
  annotateweb={([limbo018.github.io/papers/CMP_TCAD2016_Lin.pdf preprint])([http://www.cerc.utexas.edu/utda/download/DFI/index.html release])},
  annotatecv={},
}
@article{DFMP_TCAD2017_Lin,
  title   = {Triple patterning aware detailed placement toward zero cross-row middle-of-line conflict}, 
  author  = {Lin, Yibo and Yu, Bei and Xu, Biying and Pan, David Z.}, 
  journal = tcad,
  volume  = {36}, 
  issue   = {7}, 
  pages   = {1140--1152}, 
  year    = {2017}, 
  month   = {July}, 
  publishlink = {http://dx.doi.org/10.1109/TCAD.2017.2648843}, 
  annotateweb={([limbo018.github.io/papers/DFMP_TCAD2017_Lin.pdf preprint])([http://www.cerc.utexas.edu/utda/download/TPLPlace/index.html release])},
  annotatecv={},
}
@article{DFMP_JVLSI2017_Lin,
  title   = {Stitch aware detailed placement for multiple e-beam lithography},
  author  = {Lin, Yibo and Yu, Bei and Zou, Yi and Li, Zhuo and Alpert, Charles J and Pan, David Z.},
  journal = jvlsi,
  volume  = {58}, 
  pages   = {47--54}, 
  year    = {2017},
  month   = {June}, 
  publishlink = {http://dx.doi.org/10.1016/j.vlsi.2017.02.004},
  annotateweb={([limbo018.github.io/papers/DFMP_JVLSI2017_Lin.pdf preprint])(**Best Paper Award**)},
  annotatecv={(\textbf{Best Paper Award})},
}
@article{DFM_TCAD2017_Xu, 
title     = {Redundant local-Loop insertion for unidirectional routing}, 
author    = {Xu, Xiaoqing and Lin, Yibo and Li, Meng and Ou, Jiaojiao and B. Cline and D. Z. Pan}, 
journal   = tcad, 
year      = {2017}, 
month     = {July}, 
volume    = {36}, 
issue     = {7}, 
pages     = {1113--1125}, 
publishlink = {http://dx.doi.org/10.1109/TCAD.2017.2651811}, 
annotateweb={([limbo018.github.io/papers/DFM_TCAD2017_Xu.pdf preprint])},
annotatecv={},
}
@article{MPL_JM32017_Lin,
  title={Triple/quadruple patterning layout decomposition via linear programming and iterative rounding},
  author={Lin, Yibo and Xu, Xiaoqing and Yu, Bei and Baldick, Ross and Pan, David Z.},
  journal=jm3,
  volume={16},
  issue ={2},
  pages={023507},
  year={2017},
  month={June}, 
  organization={International Society for Optics and Photonics},
  publishlink = {http://dx.doi.org/10.1117/1.JMM.16.2.023507}, 
  annotateweb={([limbo018.github.io/papers/MPL_JM32017_Lin.pdf preprint])},
  annotatecv={},
}
@article{SRAF_TCAD2017_Xu, 
    title={Subresolution Assist Feature Generation With Supervised Data Learning},
    author={Xu, Xiaoqing and Lin, Yibo and Li, Meng and Matsunawa, Tetsuaki and Nojima, Shigeki and Kodama, Chikaaki and Kotani, Toshiya and Pan, David Z.},
    journal   = tcad, 
    year      = {2018}, 
    month     = {June}, 
    volume    = {37}, 
    issue     = {6}, 
    pages     = {1225--1236}, 
    publishlink = {https://doi.org/10.1109/TCAD.2017.2748029}, 
    annotateweb={([limbo018.github.io/papers/SRAF_TCAD2017_Xu.pdf preprint])},
    annotatecv={},
}
@article{PLACE_TCAD2017_Lin, 
    title={MrDP: Multiple-row detailed placement of heterogeneous-sized cells for advanced nodes},
    author={Lin, Yibo and Yu, Bei and Xu, Xiaoqing and Gao, Jhih-Rong and Viswanathan, Natarajan and Liu, Wen-Hao and Li, Zhuo and Alpert, Charles J and Pan, David Z.},
    journal   = tcad, 
    year      = {2018}, 
    month     = {June}, 
    volume    = {37}, 
    issue     = {6}, 
    pages     = {1237--1250}, 
    publishlink = {https://doi.org/10.1109/TCAD.2017.2748025}, 
    annotateweb={([limbo018.github.io/papers/PLACE_TCAD2017_Lin.pdf preprint])([http://www.cerc.utexas.edu/utda/download/MrDP/index.html release])},
    annotatecv={},
}
@article{QUANTUM_TCAD2017_Lin, 
    title={Layout Synthesis for Topological Quantum Circuits with 1D and 2D Architectures},
    author={Lin, Yibo and Yu, Bei and Li, Meng and Pan, David Z.},
    journal   = tcad, 
    year      = {2018}, 
    month     = {August}, 
    volume    = {37}, 
    issue     = {8}, 
    pages     = {1574-1587}, 
    publishlink = {https://doi.org/10.1109/TCAD.2017.2760511}, 
    annotateweb={([limbo018.github.io/papers/QUANTUM_TCAD2017_Lin.pdf preprint])},
    annotatecv={},
}
@article{FPGA_TODAES2017_Li, 
    title={UTPlaceF 2.0: A High-Performance Clock-Aware FPGA Placement Engine},
    author={Li, Wuxi and Lin, Yibo and Li, Meng and Dhar, Shounak and Pan, David Z.},
    journal   = todaes, 
    volume    = {23}, 
    issue     = {4}, 
    number    = {42}, 
    year      = {2018}, 
    month     = {June}, 
    publishlink = {https://doi.org/10.1145/3174849}, 
    annotateweb={([limbo018.github.io/papers/FPGA_TODAES2017_Li.pdf preprint])},
    annotatecv={},
}
@article{DFM_TCAD2018_Lin, 
    title={Data Efficient Lithography Modeling with Transfer Learning and Active Data Selection},
    author={Lin, Yibo and Li, Meng and Watanabe, Yuki and Kimura, Taiki and Matsunawa, Tetsuaki and Nojima, Shigeki and Pan, David Z.},
    journal   = tcad, 
    volume    = {38}, 
    issue     = {10}, 
    pages    = {1900--1913}, 
    year      = {2019}, 
    month     = {October}, 
    publishlink = {https://doi.org/10.1109/TCAD.2018.2864251}, 
    annotateweb={([https://arxiv.org/pdf/1807.03257.pdf preprint])([limbo018.github.io/papers/DFM_LithoWorkshop2018_Lin.poster.pdf poster])},
    annotatecv={},
}
@article{SPM_TCAD2018_Li,
    title={A practical split manufacturing framework for trojan prevention via simultaneous wire lifting and cell insertion},
    author={Li, Meng and Yu, Bei and Lin, Yibo and Xu, Xiaoqing and Li, Wuxi and Pan, David Z},
    journal=tcad,
    volume    = {38}, 
    issue     = {9}, 
    pages     = {1585--1598},
    year      = {2018}, 
    month     = {July}, 
    publishlink = {https://doi.org/10.1109/TCAD.2018.2859402}, 
    annotateweb={([limbo018.github.io/papers/SPM_TCAD2018_Li.pdf preprint])},
    annotatecv={},
}
@article{HSD_JM32019_Chen,
  title={Lithography Hotspot Detection Using a Double Inception Module Architecture},
  author={Chen, Jing and Lin, Yibo and Guo, Yufeng and Zhang, Maolin and Alawieh, Mohamed Baker and Pan, David Z.},
  journal=jm3,
  year={2019},
  organization={International Society for Optics and Photonics},
  publishlink = {https://doi.org/10.1117/1.JMM.18.1.013507}, 
  annotateweb={([limbo018.github.io/papers/HSD_JM32019_Chen.pdf preprint])},
  annotatecv={},
}
@article{HSD_TCAD2019_Chen, 
    title={Semi-Supervised Hotspot Detection with Self-Paced Multi-Task Learning},
    author={Chen, Ying and Lin, Yibo and Gai, Tianyang and Su, Yajuan and Wei, Yayi and Pan, David Z.},
    journal   = tcad, 
    year      = {2019}, 
    publishlink = {https://doi.org/10.1109/TCAD.2019.2912948}, 
    annotateweb={([limbo018.github.io/papers/HSD_TCAD2019_Chen.pdf preprint])},
    annotatecv={},
}
@article{SMO_JM32020_Chen,
  title={SoulNet: Ultrafast Optical Source Optimization Utilizing Generative Neural Networks for Advanced Lithography},
  author={Chen, Ying and Lin, Yibo and Dong, Lisong and Gai, Tianyang and Chen, Rui and Su, Yajuan and Wei, Yayi and Pan, David Z.},
  journal=jm3,
  volume={18},
  issue ={4},
  pages={043506},
  year={2019},
  month={November}, 
  organization={International Society for Optics and Photonics},
  publishlink = {https://dx.doi.org/10.1117/1.JMM.18.4.043506}, 
  annotateweb={([limbo018.github.io/papers/SMO_JM32020_Chen.pdf preprint])},
  annotatecv={},
}
@article{ABCDPLACE_TCAD2020_Lin, 
    title={ABCDPlace: Accelerated Batch-based Concurrent Detailed Placement on Multi-threaded CPUs and GPUs},
    author={Lin, Yibo and Li, Wuxi and Gu, Jiaqi and Ren, Haoxing and Khailany, Brucek and Pan, David Z.},
    journal   = tcad, 
    volume    = {}, 
    issue     = {}, 
    pages    = {}, 
    year      = {2020}, 
    month     = {}, 
    publishlink = {https://doi.org/10.1109/TCAD.2020.2971531}, 
    annotateweb={([limbo018.github.io/papers/ABCDPLACE_TCAD2020_Lin.pdf preprint])([https://github.com/limbo018/DREAMPlace release])(accepted)},
    annotatecv={(accepted)},
}
@article{POWER_ACCESS2020_Chen, 
    title={Powernet: SOI Lateral Power Device Breakdown Prediction With Deep Neural Networks},
    author={Chen, Jing and Alawieh, Mohamed Baker and Lin, Yibo and Zhang, Maolin and Zhang, Jun and Guo, Yufeng and Pan, David Z.},
    journal   = access, 
    volume    = {8}, 
    issue     = {1}, 
    pages    = {25372--25382}, 
    year      = {2020}, 
    month     = {December}, 
    publishlink = {https://doi.org/10.1109/ACCESS.2020.2970966}, 
    annotateweb={([https://ieeexplore.ieee.org/stamp/stamp.jsp?tp=&arnumber=8978944 preprint])},
    annotatecv={},
}
@article{SRAF_TCAD2020_Alawieh, 
    title={GAN-SRAF: Sub-Resolution Assist Feature Generation using Generative Adversarial Networks},
    author={Alawieh, Mohamed Baker and Lin, Yibo and Zhang, Zaiwei and Li, Meng and Huang, Qixing and Pan, David Z.},
    journal   = tcad, 
    volume    = {}, 
    issue     = {}, 
    pages    = {}, 
    year      = {2020}, 
    month     = {}, 
    publishlink = {https://doi.org/10.1109/TCAD.2020.2995338}, 
    annotateweb={([limbo018.github.io/papers/SRAF_TCAD2020_Alawieh.pdf preprint])(accepted)},
    annotatecv={(accepted)},
}
@article{DFM_OPEX2020_Chen,
    title={EUV Multilayer Defect Characterization via Cycle-Consistent Learning},
    author={Chen, Ying and Lin, Yibo and Chen, Rui and Dong, Lisong and Wu, Ruixuan and Gai, Tianyang and Ma, Le and Su, Yajuan and Wei, Yayi},
    journal=opex,
    volume={28},
    number={12},
    pages={18493--18506},
    year={2020},
    publisher={Optical Society of America}, 
    publishlink = {https://doi.org/10.1364/OE.394590}, 
    annotateweb={([https://doi.org/10.1364/OE.394590 preprint])},
    annotatecv={},
}
@article{PLACE_TCAD2020_Lin, 
    title={DREAMPlace: Deep Learning Toolkit-Enabled GPU Acceleration for Modern VLSI Placement},
    author={Lin, Yibo and Jiang, Zixuan and Gu, Jiaqi and Li, Wuxi and Dhar, Shounak and Ren, Haoxing and Khailany, Brucek and Pan, David Z.},
    journal   = tcad, 
    volume    = {}, 
    issue     = {}, 
    pages    = {}, 
    year      = {2020}, 
    month     = {}, 
    publishlink = {https://doi.org/10.1109/TCAD.2020.3003843}, 
    annotateweb={([limbo018.github.io/papers/PLACE_TCAD2020_Lin.pdf preprint])([https://github.com/limbo018/DREAMPlace release])(accepted)},
    annotatecv={(accepted)},
}
@article{DFM_TCAD2020_Cai,
    title={A Novel and Unified Full-chip CMP Model Aware Dummy Fill Insertion Framework with SQP-Based Optimization Method}, 
    author={Cai, Junzhe and Yan, Changhao and Tao, Yudong and Lin, Yibo and Wang, Sheng-Guo and Pan, David Z. and Zeng, Xuan},
    journal=tcad, 
    volume    = {}, 
    issue     = {}, 
    pages    = {}, 
    year      = {2020}, 
    month     = {}, 
    publishlink = {https://doi.org/10.1109/TCAD.2020.3001380}, 
    annotateweb={(accepted)},
    annotatecv={(accepted)},
}

% ==== book chapters 

@incollection{BOOK_Springer2018_Lin, 
    title     ={Machine Learning in Physical Verification, Mask Synthesis, and Physical Design}, 
    booktitle ={Machine Learning in VLSI Computer-Aided Design}, 
    author    ={Lin, Yibo and Pan, David Z.}, 
    editor    ={Elfedel, Abe and Boning, Duane and Li, Xin}, 
    publisher ={Springer},
    year      = {2018}, 
    publishlink = {http://dx.doi.org/10.1007/978-3-030-04666-8_4}, 
    annotateweb={([limbo018.github.io/papers/ML4CAD_Springer2018_Pan.pdf preprint])(*Invited Book Chapter*)},
    annotatecv={(\textbf{Invited Book Chapter})},
}

% ==== PhD thesis 

@phdthesis{DFM_Thesis2018_Lin,
    title={Bridging Design and Manufacturing Gap through Machine Learning and Machine-Generated Layout},
    booktitle ={PhD Thesis}, 
    author={Lin, Yibo},
    year={2018},
    address={University of Texas at Austin},
    publishlink = {https://repositories.lib.utexas.edu/bitstream/handle/2152/65900/LIN-DISSERTATION-2018.pdf?sequence=1}, 
    annotateweb={},
    annotatecv={},
}
